
@inproceedings{Hintjens:guide,
  author =	 {{Pieter Hintjens}},
  title =	 {{Ã˜MQ - The Guide}},
  url =		 {http://zguide.zeromq.org/},
}
